@misc{kaggledata,
    author = {Anna Montoya, DataCanary},
    title = {House Prices - Advanced Regression Techniques},
    publisher = {Kaggle},
    year = {2016},
    url = {https://kaggle.com/competitions/house-prices-advanced-regression-techniques}
}

@inproceedings{ioffe2015batch,
  title={Batch normalization: Accelerating deep network training by reducing internal covariate shift},
  author={Ioffe, Sergey and Szegedy, Christian},
  booktitle={International conference on machine learning},
  pages={448--456},
  year={2015},
  organization={pmlr}
}

@article{pca, 
author = { Karl   Pearson   F.R.S. }, 
title = {LIII. On lines and planes of closest fit to systems of points in space}, 
journal = {The London, Edinburgh, and Dublin Philosophical Magazine and Journal of Science},
volume = {2}, 
number = {11}, 
pages = {559-572}, 
year  = {1901}, 
publisher = {Taylor & Francis}, 
doi = {10.1080/14786440109462720}, 
}
